%https://cloud.acrobat.com/folder/c7eabbff-5c65-4cc7-bb23-aa59f73767bf
@article{ashcroft2010solid,
  title={Solid state physics (saunders college, philadelphia, 1976)},
  author={Ashcroft, Neil W and Mermin, N David},
  year={2010},
  addendum={Ch1: Problems (pg25): Poisson distribution, Joule heating, Thomson effect, helicon waves, surface plasmons; Ch2: Sommerfeld theory of metals (pg29) - Fermi-Dirac distribution; Ch3(pg57)-Ch4(63)-Ch5(86): Faillures of free electrons model - Crystall lattices - Reciprocal lattice (Brillouin Zone); ch6(97)-ch7(111): crystal structure from X ray diffraction and classification; Ch8(pg131): Electron levels in periodic potential (Bloch's theorem)}
}

@book{giuliani2005quantum,
  title={Quantum theory of the electron liquid},
  author={Giuliani, Gabriele and Vignale, Giovanni},
  year={2005},
  publisher={Cambridge university press},
  addendum={}
}

